<record><leader>00000cas a22000007a 4500</leader><controlfield tag="001">9451784</controlfield><controlfield tag="008">830426d19081958ksuwr ne      0    0eng d</controlfield><controlfield tag="009">3789</controlfield><datafield ind1=" " ind2=" " tag="010"><subfield code="a">sn 83040117 </subfield></datafield><datafield ind1=" " ind2=" " tag="040"><subfield code="a">KSH</subfield><subfield code="b">eng</subfield><subfield code="c">KSH</subfield><subfield code="d">NPT</subfield><subfield code="d">OCL</subfield><subfield code="d">OCLCA</subfield></datafield><datafield ind1="1" ind2=" " tag="029"><subfield code="a">AU@</subfield><subfield code="b">000025789883</subfield></datafield><datafield ind1=" " ind2=" " tag="042"><subfield code="a">msc</subfield></datafield><datafield ind1=" " ind2=" " tag="043"><subfield code="a">n-us-ks</subfield></datafield><datafield ind1="0" ind2="4" tag="245"><subfield code="a">The Potter Kansan.</subfield></datafield><datafield ind1=" " ind2=" " tag="260"><subfield code="a">Potter, Kan. :</subfield><subfield code="b">J.E. Remsburg,</subfield><subfield code="c">1908-</subfield></datafield><datafield ind1=" " ind2=" " tag="300"><subfield code="a">v. :</subfield><subfield code="b">ill. ;</subfield><subfield code="c">55 cm.</subfield></datafield><datafield ind1=" " ind2=" " tag="310"><subfield code="a">Weekly</subfield></datafield><datafield ind1="0" ind2=" " tag="362"><subfield code="a">Vol. 8, no. 20 (Apr. 2, 1908)-</subfield></datafield><datafield ind1="1" ind2=" " tag="362"><subfield code="a">Ceased with July 17, 1958 issue?</subfield></datafield><datafield ind1=" " ind2=" " tag="500"><subfield code="a">Editor: J.E. Remsburg.</subfield></datafield><datafield ind1="1" ind2=" " tag="700"><subfield code="a">Remsburg, John E.</subfield><subfield code="q">(John Eleazer),</subfield><subfield code="d">1846-1919.</subfield></datafield><datafield ind1=" " ind2=" " tag="752"><subfield code="a">United States</subfield><subfield code="b">Kansas</subfield><subfield code="c">Atchison</subfield><subfield code="d">Potter.</subfield></datafield><datafield ind1="0" ind2="0" tag="780"><subfield code="t">Potter Kansan and leaf</subfield><subfield code="w">(DLC)sn 83040116</subfield><subfield code="w">(OCoLC)9447393</subfield></datafield></record>